@comment{

Este es el archivo de referencias bibliogr'aficas, que incluye tambi'en algunos
ejemplos de c'omo capturar la informaci'on de tus referencias.

Algunas de las referencias m'as comunes son art'iculos de revista,
estos se escriben como se muestra acontinuaci'on. Nota que los nombres
de los autores se separan siempre por la palabra " and ", *incluso* si el
documento de tesis est'a escrito en espa~nol. El sistema cambiara ese "and"
por el apropiado "y".

}

@article{NewCam97,
	Author = {Isaac Newton and Naomi Campbell},
	Journal = {Jornal of Funny Physics},
	Pages = {39--78},
	Title = {A Re-formulation of Gravity with Respect to Really Cool Models},
	Volume = {35},
	Year = {1997}}

@comment{

Los que siguen son ejemplos de libros.

}

@book{Knuth84,
	Author = {Donald E. Knuth},
	Publisher = {Addison-Wesley},
	Title = {The {\TeX}book},
	Year = 1984}

@book{Lamport86,
	Author = {Leslie Lamport},
	Publisher = {Addison-Wesley},
	Title = {{\LaTeX}: A Document Preparation System},
	Year = 1986}

@comment{

Ahora un ejemplo de un art'iculo publicado en un congreso. Nota tambi'en
que, a'un cuando son varios autores, tienes que escribir *siempre* la
palabra " and " entre cada par de ellos.

}

@inproceedings{Rofl06,
	Author = {Matthew Caesar and Tyson Condie and Jayanthkumar Kannan
	          and Karthik Lakshminarayanan and Ion Stoica},
	Booktitle = {ACM SIGCOMM},
	Title = {{ROFL}: Routing on Flat Labels},
	Year = {2006}}

@comment{

Finalmente dos referencias a manuales.

}

@manual{doc:natbib,
	Author = {Patrick W. Daly},
	Month = feb,
	Title = {Naural Sciences Citations and References},
	Year = {2007}}

@manual{doc:geometry,
	Author = {Hideo Umeki},
	Month = jul,
	Title = {The geometry package},
	Year = {2002}}


@comment{

Referencias del TFG

}


@MISC{Tfg:ubiquitous,
	author = {IGI Global},
	title = {\textit{What is Ubiquitous Computing}},
	year = {(2018). Último acceso: 4/03/2018},
	howpublished={\url{https://www.igi-global.com/dictionary/ubiquitous-computing/30811}}
}

@MISC{Tfg:thelog,
	author = {Jay Kreps},
	title = {\textit{The Log: What every software engineer should know about real-time data's
	unifying abstraction}},
	year = {(2013). Último acceso: 4/03/2018},
	howpublished={\url{https://engineering.linkedin.com/distributed-systems/log-what-
	every-software-engineer-should-know-about-real-time-datas-unifying}}
}

@MISC{Tfg:distributedapp,
	author = {Oracle},
	title = {\textit{What Is a Distributed Application}},
	year = {(2000). Último acceso: 4/03/2018},
	howpublished={\url{https://docs.oracle.com/cd/E13203_01/tuxedo/tux71/html/addist2.htm}}
}

@MISC{Tfg:bigdata,
	author = {Ricardo Barranco Fragoso},
	title = {\textit{¿Qué es Big Data?}},
	year = {(2012). Último acceso: 4/03/2018},
	howpublished={\url{https://docs.oracle.com/cd/E13203_01/tuxedo/tux71/html/addist2.htm}}
}

@MISC{Tfg:etl,
	author = {IBM},
	title = {\textit{ETL}},
	year = {(2015). Último acceso: 4/03/2018},
	howpublished={\url{https://www.ibm.com/support/knowledgecenter/en/SSWSR9_11.5.0/
	com.ibm.mdshs.initiateglossary.doc/topics/r_glossary_etl.html}}
}

@MISC{Tfg:batchstream,
	author = {Gowthamy Vaseekaran},
	title = {\textit{Big Data Battle : Batch Processing vs Stream Processing}},
	year = {(2017). Último acceso: 4/03/2018},
	howpublished={\url{https://medium.com/@gowthamy/big-data-battle-batch-processing-vs-stream-processing-
	5d94600d8103}}
}

@MISC{Tfg:lambda,
	author = {Michael Hausenblas and Nathan Bijnens and Nathan Marz},
	title = {\textit{Lambda Architecture}},
	year = {(2017). Último acceso: 4/03/2018},
	howpublished={\url{http://lambda-architecture.net/}}
}

@MISC{Tfg:kappa,
	author = {Shu Uesugi},
	title = {\textit{Kappa Architecture}},
	year = {(2018). Último acceso: 4/03/2018},
	howpublished={\url{http://milinda.pathirage.org/kappa-
	architecture.com/}}
}

@MISC{Tfg:acra,
	author = {ACRA},
	title = {\textit{ACRA}},
	year = {(2018). Último acceso: 4/03/2018},
	howpublished={\url{https://github.com/ACRA/acra}}
}

@MISC{Tfg:breakpad,
	author = {Google},
	title = {\textit{Breakpad: A set of client and server components which implement a crash-reporting
	system}},
	year = {(2018). Último acceso: 4/03/2018},
	howpublished={\url{https://chromium.googlesource.com/breakpad/breakpad/}}
}

@MISC{Tfg:logclass,
	author = {Android},
	title = {\textit{Log Class Android}},
	year = {(2018). Último acceso: 4/03/2018},
	howpublished={\url{https://developer.android.com/reference/android/
	util/Log.html}}
}

@MISC{Tfg:hyperlog,
	author = {HyperTrack},
	title = {\textit{HyperLog: Utility logger library for storing logs into database and push them to
	remote server for debugging}},
	year = {(2018). Último acceso: 4/03/2018},
	howpublished={\url{https://github.com/hypertrack/hyperlog-android}}
}

@MISC{Tfg:log4j2,
	author = {The Apache Software Foundation},
	title = {\textit{Apache Log4j 2}},
	year = {(2017). Último acceso: 4/03/2018},
	howpublished={\url{https://logging.apache.org/log4j/2.x/}}
}

@MISC{Tfg:logback,
	author = {Logback},
	title = {\textit{Logback}},
	year = {(2018). Último acceso: 4/03/2018},
	howpublished={\url{https://logback.qos.ch/}}
}

@MISC{Tfg:blitz4j,
	author = {Netflix},
	title = {\textit{Blitz4j: Logging framework for fast asynchronous logging}},
	year = {(2018). Último acceso: 4/03/2018},
	howpublished={\url{https://github.com/Netflix/blitz4j}}
}

@MISC{Tfg:logger,
	author = {Orhan Obut},
	title = {\textit{Logger: Simple, pretty and powerful logger for android}},
	year = {(2017). Último acceso: 4/03/2018},
	howpublished={\url{https://github.com/orhanobut/logger}}
}

@MISC{Tfg:netflixpipe,
	author = {Netflix},
	title = {\textit{Evolution of the Netflix Data Pipeline}},
	year = {(2016). Último acceso: 4/03/2018},
	howpublished={\url{https://medium.com/netflix-
	techblog/evolution-of-the-netflix-data-pipeline-da246ca36905}}
}

@MISC{Tfg:bi,
	author = {Microsoft},
	title = {\textit{What is business intelligence?}},
	year = {(2008). Último acceso: 4/03/2018},
	howpublished={\url{https://technet.microsoft.com/en-
	us/library/cc811595(v=office.12).aspx}}
}

@MISC{Tfg:kafka,
	author = {The Apache Software Foundation},
	title = {\textit{Apache Kafka: A distributed streaming platform}},
	year = {(2017). Último acceso: 4/03/2018},
	howpublished={\url{https://kafka.apache.org/}}
}

@MISC{Tfg:inception,
	author = {Toon Sripatanaskul and Zhengyu Cai},
	title = {\textit{Inception: How LinkedIn Deals with Exception Logs}},
	year = {(2016). Último acceso: 4/03/2018},
	howpublished={\url{https://engineering.linkedin.com/blog/2016/12/inception--how-linkedin-deals-with-
	exception-logs}}
}

@MISC{Tfg:jira,
	author = {Atlassian},
	title = {\textit{Jira Software: La herramienta de desarrollo de software líder de los equipos
	ágiles}},
	year = {(2018). Último acceso: 4/03/2018},
	howpublished={\url{https://es.atlassian.com/software/jira}}
}

@MISC{Tfg:spotify,
	author = {Igor Maravic},
	title = {\textit{Spotify Event Delivery, The Road to the Cloud, Part I}},
	year = {(2016). Último acceso: 4/03/2018},
	howpublished={\url{https://labs.spotify.com/2016/02/25/spotifys-event-delivery-the-road-to-the-cloud-part-i/}}
}

@MISC{Tfg:twitch,
	author = {Mike Ossareh},
	title = {\textit{Twitch Data Analysis — Part 1 of 3: The Twitch Statistics Pipeline}},
	year = {(2014). Último acceso: 4/03/2018},
	howpublished={\url{https://blog.twitch.tv/twitch-data-analysis-part-1-of-3-the-twitch-statistics-pipeline-
	51556a14c961}}
}

@MISC{Tfg:pinterest,
	author = {Tongbo Huang},
	title = {\textit{Behind the Pins: Building Analytics}},
	year = {(2014). Último acceso: 4/03/2018},
	howpublished={\url{https://medium.com/@Pinterest_Engineering/behind-the-pins-building-analytics-f7b508cdacab?
	s=hi-from-keen-io}}
}

@MISC{Tfg:singer,
	author = {Krishna Gade and Roger Wang},
	title = {\textit{Singer, Pinterest's Logging Infrastructure}},
	year = {(2014). Último acceso: 4/03/2018},
	howpublished={\url{https://es.slideshare.net/DiscoverPinterest/singer-pinterests-logging-infrastructure}}
}

@MISC{Tfg:crashlytics,
	author = {Google},
	title = {\textit{Crashlytics, Introducing the most powerful, yet lighttest weight crash reporting
	solutio}},
	year = {(2018). Último acceso: 4/03/2018},
	howpublished={\url{https://try.crashlytics.com/}}
}

@MISC{Tfg:datadog,
	author = {Datadog},
	title = {\textit{Modern monitoring and analytics}},
	year = {(2018). Último acceso: 4/03/2018},
	howpublished={\url{https://www.datadoghq.com/}}
}

@MISC{Tfg:waterfall,
	author = {Douglas Hughey},
	title = {\textit{The Traditional Waterfall Approach}},
	year = {(2009). Último acceso: 4/03/2018},
	howpublished={\url{http://www.umsl.edu/~hugheyd/is6840/waterfall.html}}
}

@MISC{Tfg:sre,
	author = {Benjamin Treynor},
	title = {\textit{What is SRE (Site Reliability Engineering)?}},
	year = {(2018). Último acceso: 4/03/2018},
	howpublished={\url{https://www.oreilly.com/ideas/what-is-sre-site-reliability-engineering}}
}

@MISC{Tfg:projectmanager,
	author = {Glassdoor},
	title = {\textit{IT Project Manager Salaries}},
	year = {(2018). Último acceso: 4/03/2018},
	howpublished={\url{https://www.glassdoor.com/Salaries/it-project-manager-salary-SRCH_KO0,18.htm}}
}

@MISC{Tfg:itconsultant,
	author = {Glassdoor},
	title = {\textit{IT Consultant Salaries}},
	year = {(2018). Último acceso: 4/03/2018},
	howpublished={\url{https://www.glassdoor.com/Salaries/it-
	consultant-salary-SRCH_KO0,13.htm}}
}

@MISC{Tfg:sresalary,
	author = {Glassdoor},
	title = {\textit{Site Reliability Engineer Salaries}},
	year = {(2018). Último acceso: 4/03/2018},
	howpublished={\url{https://www.glassdoor.com/Salaries/site-reliability-engineer-salary-SRCH_KO0,25.htm}}
}

@MISC{Tfg:aws,
	author = {Amazon},
	title = {\textit{What is AWS?}},
	year = {(2018). Último acceso: 4/03/2018},
	howpublished={\url{https://aws.amazon.com/es/what-is-aws/}}
}

@MISC{Tfg:ec2price,
	author = {Amazon},
	title = {\textit{Precios EC2}},
	year = {(2018). Último acceso: 4/03/2018},
	howpublished={\url{https://aws.amazon.com/es/ec2/pricing/on-demand/}}
}

@MISC{Tfg:ideapad,
	author = {Amazon},
	title = {\textit{Lenovo Ideapad Y700}},
	year = {(2018). Último acceso: 4/03/2018},
	howpublished={\url{https://www.amazon.es/Lenovo-Ideapad-
	Y700-17ISK-I7-6700HQ-operativo/dp/B01MZ9L7PT}}
}

@MISC{Tfg:mia1,
	author = {Xiaomi},
	title = {\textit{MI A1}},
	year = {(2018). Último acceso: 4/03/2018},
	howpublished={\url{http://buy.mi.com/es/buy/product/mi-a1}}
}

@MISC{Tfg:jiraprice,
	author = {Atlassian},
	title = {\textit{JIRA pricing}},
	year = {(2018). Último acceso: 4/03/2018},
	howpublished={\url{https://es.atlassian.com/software/jira/pricing?tab=self-
	hosted}}
}

@MISC{Tfg:luz,
	author = {Selectra},
	title = {\textit{Tarifa Luz Hora}},
	year = {(2018). Último acceso: 4/03/2018},
	howpublished={\url{https://tarifaluzhora.es/}}
}

@MISC{Tfg:kinesis,
	author = {Amazon},
	title = {\textit{Amazon Kinesis}},
	year = {(2018). Último acceso: 4/03/2018},
	howpublished={\url{https://aws.amazon.com/es/kinesis/}}
}

@MISC{Tfg:elasticsearch,
	author = {Elastic},
	title = {\textit{Elastic Search}},
	year = {(2018). Último acceso: 4/03/2018},
	howpublished={\url{https://www.elastic.co/products/elasticsearch}}
}

@MISC{Tfg:logbackandroid,
	author = {Tony Trinh},
	title = {\textit{logback-android}},
	year = {(2018). Último acceso: 4/03/2018},
	howpublished={\url{https://github.com/tony19/logback-android}}
}

@MISC{Tfg:okhttp,
	author = {Square, Inc.},
	title = {\textit{OkHttp}},
	year = {(2018). Último acceso: 4/03/2018},
	howpublished={\url{http://square.github.io/okhttp/}}
}
